<?xml version="1.0" encoding="UTF-8"?><collection xmlns="http://www.loc.gov/MARC21/slim"><record><leader>00362nam--2200133-i-4500</leader><controlfield tag="001">000023238</controlfield><controlfield tag="002">20161230</controlfield><controlfield tag="005">20161230201034</controlfield><controlfield tag="008">060222s1000------------r-----000-0-eng-d</controlfield><datafield ind1=" " ind2=" " tag="080"><subfield code="a">541.135.5</subfield></datafield><datafield ind1=" " ind2=" " tag="100"><subfield code="a">Harrison, J.A. And Thirsk, H.R</subfield></datafield><datafield ind1=" " ind2=" " tag="245"><subfield code="a">A guide to the study of electrode kinetics</subfield></datafield><datafield ind1=" " ind2=" " tag="260"><subfield code="a">London, Academic Press, 1972. Xiii + 174 P</subfield></datafield><datafield ind1=" " ind2=" " tag="852"><subfield code="a">38335</subfield></datafield></record></collection>